@string{anch-ie = {Angew.~Chem. Int.~Ed.}}
@string{cup     = {Cambridge University Press}}
@string{dtv     = {Deutscher Taschenbuch-Verlag}}
@string{hup     = {Harvard University Press}}
@string{jams    = {J.~Amer. Math. Soc.}}
@string{jchph   = {J.~Chem. Phys.}}
@string{jomch   = {J.~Organomet. Chem.}}
@string{pup     = {Princeton University Press}}

@incollection{westfahl:space,
  author       = {Westfahl, Gary},
  title        = {The True Frontier},
  subtitle     = {Confronting and Avoiding the Realities of Space in American
                  Science Fiction Films},
  pages        = {55-65},
  crossref     = {westfahl:frontier},
  langid       = {english},
  langidopts   = {variant=american},
  indextitle   = {True Frontier, The},
  annotation   = {A cross-referenced article from a \texttt{collection}. This is
                  an \texttt{incollection} entry with a \texttt{crossref}
                  field. Note the \texttt{subtitle} and \texttt{indextitle}
                  fields},
}

@set{set,
  entryset     = {herrmann,aksin,yoon},
  annotation   = {A \texttt{set} with three members. The \texttt{crossref} field
                  in the \texttt{@set} entry and the \texttt{entryset} field in
                  each set member entry is needed only when using BibTeX as the
                  backend},
}

@set{stdmodel,
  entryset     = {glashow,weinberg,salam},
  annotation   = {A \texttt{set} with three members discussing the standard
                  model of particle physics. The \texttt{crossref} field
                  in the \texttt{@set} entry and the \texttt{entryset} field in
                  each set member entry is needed only when using BibTeX as the
                  backend},
}

@article{uip,
  author       = {Slovacek, V. et al.},
  title        = {UIProtocol specification, draft 8},
  journaltitle = {CTU in Prague},
  date         = 2010,
  indextitle   = {UIP draft},
}

@inproceedings{macik1,
 author = {Miroslav Macik},
 title = {Context model for ability-based automatic UI generation},
 booktitle = {IEEE 3rd International Conference on Cognitive Infocommunications},
 series = {CogInfoCom'12},
 year = {2012},
 } 

@inproceedings{macik2,
 author = {Miroslav Macik},
 title = {Platform-Aware Rich-Form Generation for Adaptive Systems through
Code-Inspection},
 booktitle = {Human Factors in Computing and Informatics},
 pages = {768-784},
 year = {2013},
 publisher = {Springer Berlin Heidelberg},
 }

@article{riehle,
  author       = {T. H. Riehle,  P. Lichter, N. A. Giudice},
  title        = {An Indoor Navigation System to Support the Visually Impaired},
  journaltitle = {30th Annual International IEEE EMBS Conference},
  date         = 2009,
  volume       = 30,
  pages        = {4435-4438},
  indextitle   = {Indoor Navigation System for Visually Impaired},
}

@article{balata,
  author       = {Jan Balata, Miroslav Macik, Zdenek Mikovec},
  title        = {Context Sensitive Navigation in Hospitals},
  journaltitle = {30th Annual International IEEE EMBS Conference},
  date         = 2013,
  indextitle   = {Context Sensitive Navigation in Hospitals},
}

@article{percept,
 author = {Ganz, Aura and Schafer, James and Gandhi, Siddhesh and Puleo, Elaine and Wilson, Carole and Robertson, Meg},
 title = {PERCEPT Indoor Navigation System for the Blind and Visually Impaired: Architecture and Experimentation},
 journal = {Int. J. Telemedicine Appl.},
 issue_date = {January 2012},
 volume = {2012},
 month = jan,
 year = {2012},
 issn = {1687-6415},
 pages = {19:19--19:19},
 articleno = {19},
 numpages = {1},
 url = {http://dx.doi.org/10.1155/2012/894869},
 doi = {10.1155/2012/894869},
 acmid = {2484587},
 publisher = {Hindawi Publishing Corp.},
 address = {New York, NY, United States},
}

@online{naviterier,
  title        = {NaviTerier},
  date         = 2013,
  url          = {http://usability.felk.cvut.cz/naviterier},
  subtitle     = {navigation system in buildings for the visually impaired},
  urldate      = {2014-01-01},
  langid       = {english},
  langidopts   = {variant=american},
  annotation   = {This is an \texttt{online} entry. The \textsc{url}, which is
                  given in the \texttt{url} field, is transformed into a
                  clickable link if \texttt{hyperref} support has been
                  enabled. Note the format of the \texttt{urldate} field
                  (\texttt{yyyy-mm-dd}) in the database file. Also note the
                  \texttt{label} field which may be used as a fallback by
                  citation styles which need an \texttt{author} and\slash or a
                  \texttt{year}},
}

@inproceedings{lopez,
 author = {L\'{o}pez-de-Ipi\~{n}a, Diego and Lorido, Tania and L\'{o}pez, Unai},
 title = {Blindshopping: Enabling Accessible Shopping for Visually Impaired People Through Mobile Technologies},
 booktitle = {Proceedings of the 9th International Conference on Toward Useful Services for Elderly and People with Disabilities: Smart Homes and Health Telematics},
 series = {ICOST'11},
 year = {2011},
 isbn = {978-3-642-21534-6},
 location = {Montreal, Canada},
 pages = {266--270},
 numpages = {5},
 url = {http://dl.acm.org/citation.cfm?id=2026187.2026232},
 acmid = {2026232},
 publisher = {Springer-Verlag},
 address = {Berlin, Heidelberg},
 keywords = {QR codes, blind, mobile computing, navigation, web-services},
}

@online{cs1.0specs,
  title        = {C Sharp Language Specification},
  date         = 2002,
  url          = {http://download.microsoft.com/download/a/9/e/a9e229b9-fee5-4c3e-8476-917dee385062/CSharp%20Language%20Specification%20v1.0.doc},
  urldate      = {2014-04-01},
  langid       = {english},
  langidopts   = {variant=american},
}


@online{wp8kernel,
  title        = {Microsoft's Windows Phone 8 finally gets a 'real' Windows core},
  date         = 2012,
  url          = {http://www.zdnet.com/blog/microsoft/microsofts-windows-phone-8-finally-gets-a-real-windows-core/12975},
  urldate      = {2014-04-04},
  langid       = {english},
  langidopts   = {variant=american},
}

@online{wp8comparison,
  title        = {Windows Phone 8 and Windows 8 platform comparison},
  date         = 2012,
  url          = {http://msdn.microsoft.com/en-us/library/windowsphone/develop/jj681690(v=vs.105).aspx},
  urldate      = {2014-04-04},
  langid       = {english},
  langidopts   = {variant=american},
}

@online{wp8screenreader,
  title        = {Accessibility on your phone},
  date         = 2014,
  url          = {http://www.windowsphone.com/en-ZA/how-to/wp8/settings-and-personalization/accessibility-on-my-phone},
  urldate      = {2014-01-04},
  langid       = {english},
  langidopts   = {variant=american},
}


@online{wp8voice,
  title        = {Voice commands for Windows Phone 8},
  date         = 2014,
  url          = {http://msdn.microsoft.com/en-us/library/windowsphone/develop/jj206959(v=vs.105).aspx},
  urldate      = {2014-01-04},
  langid       = {english},
  langidopts   = {variant=american},
}

@online{wp8guide,
  title        = {Guidelines for designing accessible apps},
  date         = 2014,
  url          = {http://msdn.microsoft.com/en-us/library/windows/apps/hh700407.aspx},
  urldate      = {2014-05-04},
  langid       = {english},
  langidopts   = {variant=american},
}


@inproceedings{espinace,
 author = {Espinace, P. and Kollar, T. and Roy, N. and Soto, A.},
 title = {Indoor Scene Recognition through Object Detection.},
 booktitle = {Proceedings of the 2010 IEEE International Conference on Robotics and Automation},
  year = {2010},
 pages = {1406--1413},
}

@inproceedings{quattoni,
 author = {Quattoni, A.; Torralba, A.},
 title = {Recognizing Indoor Scenes.},
 booktitle = {Proceedings of the IEEE Conference on Computer Vision and Pattern Recognition},
  year = {2009},
 pages = {413--420},
}

@article{bosch,
 author = {Bosch, Anna and Mu\~{n}oz, Xavier and Mart\'{\i}, Robert},
 title = {Review: Which is the Best Way to Organize/Classify Images by Content?},
 journal = {Image Vision Comput.},
 issue_date = {June, 2007},
 volume = {25},
 number = {6},
 month = jun,
 year = {2007},
 issn = {0262-8856},
 pages = {778--791},
 numpages = {14},
 url = {http://dx.doi.org/10.1016/j.imavis.2006.07.015},
 doi = {10.1016/j.imavis.2006.07.015},
 acmid = {1236056},
 publisher = {Butterworth-Heinemann},
 address = {Newton, MA, USA},
 keywords = {Image segmentation, Object recognition, Scene classification, Semantic concepts},
} 

@article{hesch,
 author = {Hesch, J.A. and Roumeliotis, S.I.},
 title = {Design and analysis of a portable indoor localization aid for the visually impaired.},
 journal = {Int. J. Robot. Res.},
 year = {2010},
 pages = {1400--1415},
 numpages = {14},
} 

@inproceedings{luis,
 author = {Luis A. Guerrero and Francisco Vasquez and Sergio F. Ochoa},
 title = {An Indoor Navigation System for the Visually Impaired},
 booktitle = {Proceedings of Sensors 2012},
 year = {2012},
 pages = {8237--8258},
 url = {http://www.ncbi.nlm.nih.gov/pubmed/22969398},
} 

@article{sylvie,
author = {SYLVIE TREUILLET and ERIC ROYER},
title = {OUTDOOR/INDOOR VISION-BASED LOCALIZATION FOR BLIND PEDESTRIAN NAVIGATION ASSISTANCE},
journal = {International Journal of Image and Graphics},
volume = {10},
number = {04},
pages = {481-496},
year = {2010},
doi = {10.1142/S0219467810003937},

URL = {http://www.worldscientific.com/doi/abs/10.1142/S0219467810003937},
eprint = {http://www.worldscientific.com/doi/pdf/10.1142/S0219467810003937}
}

@online{mozillaguy,
  title        = {Android and iPhone accessibility comparison},
  date         = 2014,
  url          = {http://www.marcozehe.de/2013/04/05/switching-to-android-full-time-an-experiment/},
  subtitle     = {Switching to Android full-time â€“ an experiment},
  urldate      = {2014-01-01},
  langid       = {english},
  langidopts   = {variant=american},
}


@online{dotgnu,
  title        = {DotGNU Portable.NET},
  date         = 2014,
  url          = {http://www.gnu.org/software/dotgnu/pnet.html},
  urldate      = {2014-05-07},
  langid       = {english},
  langidopts   = {variant=american},
}

@online{csAndDotNet,
  title        = {Introduction to the C\# Language and the .NET Framework},
  date         = 2014,
  url          = {http://msdn.microsoft.com/en-us/library/z1zx9t92.aspx},
  urldate      = {2014-05-07},
  langid       = {english},
  langidopts   = {variant=american},
}

@online{phone8speech,
  title        = {Speech for Windows Phone 8},
  date         = 2014,
  url          = {http://msdn.microsoft.com/en-us/library/windowsphone/develop/jj206958(v=vs.105).aspx},
  subtitle     = {Speech for Windows Phone 8 - development center},
  urldate      = {2014-01-01},
  langid       = {english},
  langidopts   = {variant=american},
}

@online{mono,
  title        = {Mono Framework website},
  date         = 2014,
  url          = {http://www.mono-project.com/Main_Page},
  subtitle     = {Speech for Windows Phone 8 - development center},
  urldate      = {2014-05-01},
  langid       = {english},
  langidopts   = {variant=american},
}

@online{wp8UIelementsAcc,
  title        = {Exposing basic information about UI elements (XAML)},
  date         = 2014,
  url          = {http://msdn.microsoft.com/en-us/library/windows/apps/hh868160.aspx},
  urldate      = {2014-05-06},
  langid       = {english},
  langidopts   = {variant=american},
}

@online{wp8accText,
  title        = {Meeting requirements for accessible text (XAML)},
  date         = 2014,
  url          = {http://msdn.microsoft.com/en-us/library/windows/apps/hh868163.aspx},
  urldate      = {2014-05-06},
  langid       = {english},
  langidopts   = {variant=american},
}



@online{phone8market,
  title        = {iPhone market share shrinks as Android, Windows Phone grow},
  date         = 2014,
  url          = {http://news.cnet.com/8301-13579_3-57616679-37/iphone-market-share-shrinks-as-android-windows-phone-grow/},
  urldate      = {2014-01-06},
  langid       = {english},
  langidopts   = {variant=american},
}

@INPROCEEDINGS{indoorNFC, 
author={Ozdenizci, B. and Kerem Ok and Coskun, V. and Aydin, M.N.}, 
booktitle={Information and Computing (ICIC), 2011 Fourth International Conference on}, 
title={Development of an Indoor Navigation System Using NFC Technology}, 
year={2011}, 
month={April}, 
pages={11-14}, 
keywords={indoor communication;radionavigation;NFC internal;data transfer;indoor navigation system;near field communication;Buildings;Global Positioning System;Indoor environments;Mobile handsets;Radiofrequency identification;Indoor Navigation;NFC Internal;Near Field Communication}, 
doi={10.1109/ICIC.2011.53},}

